<?xml version="1.0" encoding="UTF-8"?><record xmlns="http://www.loc.gov/MARC21/slim" xmlns:cinclude="http://apache.org/cocoon/include/1.0" xmlns:zs="http://www.loc.gov/zing/srw/">
  <leader>00343cz  a2200121n  4500</leader>
  <controlfield tag="001">n 2012069704</controlfield>
  <controlfield tag="003">DLC</controlfield>
  <controlfield tag="005">20121102075020.0</controlfield>
  <controlfield tag="008">121101n| azannaabn          |n aaa      </controlfield>
  <datafield tag="010" ind1=" " ind2=" ">
    <subfield code="a">n 2012069704</subfield>
  </datafield>
  <datafield tag="040" ind1=" " ind2=" ">
    <subfield code="a">DLC</subfield>
    <subfield code="b">eng</subfield>
    <subfield code="c">DLC</subfield>
    <subfield code="e">rda</subfield>
  </datafield>
  <datafield tag="100" ind1="1" ind2=" ">
    <subfield code="a">O'Toole, Lawrence,</subfield>
    <subfield code="c">III</subfield>
  </datafield>
  <datafield tag="670" ind1=" " ind2=" ">
    <subfield code="a">Fading ads of Philadelphia, 2012:</subfield>
    <subfield code="b">ECIP title page (Lawrence O'Toole III)</subfield>
  </datafield>
</record>